<record><leader>00000cas a2200000 a 4500</leader><controlfield tag="001">34257042</controlfield><controlfield tag="008">960223d19952002iluwn n       0   a0eng c</controlfield><datafield ind1=" " ind2=" " tag="010"><subfield code="a">sn2002061134</subfield></datafield><datafield ind1=" " ind2=" " tag="040"><subfield code="a">IKG</subfield><subfield code="b">eng</subfield><subfield code="c">IKG</subfield><subfield code="d">NVF</subfield><subfield code="d">OCLCQ</subfield><subfield code="d">OCLCF</subfield><subfield code="d">OCLCO</subfield><subfield code="d">NVF</subfield></datafield><datafield ind1=" " ind2=" " tag="042"><subfield code="a">pcc</subfield></datafield><datafield ind1=" " ind2=" " tag="043"><subfield code="a">n-us-il</subfield></datafield><datafield ind1="0" ind2="4" tag="082"><subfield code="a">071.7366</subfield></datafield><datafield ind1="0" ind2=" " tag="130"><subfield code="a">Octopus (Champaign, Ill.)</subfield></datafield><datafield ind1="1" ind2="4" tag="245"><subfield code="a">The octopus.</subfield></datafield><datafield ind1=" " ind2=" " tag="260"><subfield code="a">Champaign, Ill. :</subfield><subfield code="b">Octopus, Inc.,</subfield><subfield code="c">1995-2002.</subfield></datafield><datafield ind1="2" ind2=" " tag="260"><subfield code="3">Apr. 11, 1997-Aug. 7, 1998</subfield><subfield code="a">Champaign, Ill. :</subfield><subfield code="b">NewVoice Communications, Inc.</subfield></datafield><datafield ind1="2" ind2=" " tag="260"><subfield code="3">Aug. 14, 1998-Oct. 5-11, 2001</subfield><subfield code="a">Champaign, Ill. :</subfield><subfield code="b">Octopus, Inc.</subfield></datafield><datafield ind1="3" ind2=" " tag="260"><subfield code="3">Oct. 12-18, 2001-Apr. 12-18, 2002</subfield><subfield code="a">Champaign, Ill. :</subfield><subfield code="b">Saga Communications-Illinois &amp; Illini Radio Group</subfield></datafield><datafield ind1=" " ind2=" " tag="300"><subfield code="a">v.</subfield></datafield><datafield ind1=" " ind2=" " tag="310"><subfield code="a">Weekly,</subfield><subfield code="b">Aug. 23, 1996-Apr. 12-18, 2002</subfield></datafield><datafield ind1=" " ind2=" " tag="321"><subfield code="a">Monthly (except Jan. and July),</subfield><subfield code="b">Nov. 1995-Aug. 1996</subfield></datafield><datafield ind1="0" ind2=" " tag="362"><subfield code="a">Nov. 1995 ; v. 2, issue 1 (Dec./Jan. 1996)- : v.8, no. 15 (Apr. 12-18, 2002).</subfield></datafield><datafield ind1=" " ind2="0" tag="651"><subfield code="a">Champaign (Ill.)</subfield><subfield code="v">Newspapers.</subfield></datafield><datafield ind1=" " ind2="0" tag="651"><subfield code="a">Urbana (Ill.)</subfield><subfield code="v">Newspapers.</subfield></datafield><datafield ind1=" " ind2="7" tag="651"><subfield code="a">Illinois</subfield><subfield code="z">Champaign.</subfield><subfield code="2">fast</subfield><subfield code="0">(OCoLC)fst01207150</subfield></datafield><datafield ind1=" " ind2="7" tag="651"><subfield code="a">Illinois</subfield><subfield code="z">Urbana.</subfield><subfield code="2">fast</subfield><subfield code="0">(OCoLC)fst01211927</subfield></datafield><datafield ind1=" " ind2="7" tag="655"><subfield code="a">Newspapers.</subfield><subfield code="2">fast</subfield><subfield code="0">(OCoLC)fst01423814</subfield></datafield><datafield ind1=" " ind2=" " tag="752"><subfield code="a">United States</subfield><subfield code="b">Illinois</subfield><subfield code="c">Champaign</subfield><subfield code="d">Champaign.</subfield></datafield><datafield ind1="0" ind2="0" tag="780"><subfield code="t">Optimist (Champaign, Ill.)</subfield><subfield code="w">(DLC)sn2002061133</subfield><subfield code="w">(OCoLC)36466044</subfield></datafield><datafield ind1="0" ind2="0" tag="785"><subfield code="t">CU cityview</subfield><subfield code="w">(DLC)sn2002061132</subfield><subfield code="w">(OCoLC)51198390</subfield></datafield><datafield ind1="1" ind2=" " tag="029"><subfield code="a">AU@</subfield><subfield code="b">000024312529</subfield></datafield></record>